@misc {Indeed202111ImportantSoft,
   url = {https://www.indeed.com/career-advice/career-development/software-developer-soft-skills},
   title = {11 Important Soft Skills for Software Developers},
   year = {2021},
   author = {{Indeed}},
}

@misc {Mei2018WhyDevelopersShould,
   url = {https://www.freecodecamp.org/news/why-developers-should-know-how-to-write-dc35aa9b71ab/},
   author = {Mei, Derek},
   year = {2018},
   title = {Why developers should know how to write},
}

@misc {Alton2020WhyEveryDeveloper,
   url = {https://www.computer.org/publications/tech-news/trends/why-every-developer-should-know-a-bit-of-technical-writing},
   author = {Alton, Larry},
   year = {2020},
   title = {Why Every Developer Should Know a Bit of Technical Writing},
}

@misc {GoogleTechnicalWriting,
   author = {Google},
   url = {https://developers.google.com/tech-writing},
   title = {Technical Writing},
}

@misc {OccidentalComps,
   url = {https://oxy.smartcatalogiq.com/2022-2023/Catalog/Academic-Information-and-Policies/Bachelor-of-Arts-Degree/Comprehensive-Requirement},
   year = {2022},
   title = {Comprehensive Requirement},
   author = {{Occidental College}},
}

@misc {WikiBook2022LaTeX,
   url = {https://en.wikibooks.org/wiki/LaTeX},
   year = {2022},
   title = {LaTeX WikiBook},
   author = {WikiBook},
}

@misc {Lambert2021MakefileTutorial,
   author = {Lambert, Chase},
   url = {https://makefiletutorial.com/},
   year = {2021},
   title = {Makefile Tutorial},
}

@misc {Overleaf2021LearnLaTeXIn,
   url = {https://www.overleaf.com/learn/latex/Learn_LaTeX_in_30_minutes},
   year = {2021},
   title = {Learn LaTeX in 30 minutes},
   author = {Overleaf},
}

@article{Ghosh2021SmartHomeDevice,
  author = {Ghosh, Sudipto},
  journal = {AIThority},
  title = {Smart Home Device Manufacturers You Should Know in 2021},
  year = {2021},
  url = {https://aithority.com/internet-of-things/50-smart-home-device-manufacturers-you-should-know-in-2021/}
}

@article{Alina20228BestSmartBlinds,
   author = {Bradford, Alina},
   journal = {Family Handyman},
   title = {8 Best Smart Blinds},
   year = {2022},
   url = {https://www.familyhandyman.com/list/best-smart-blinds/#:~:text=Smart%20blinds%20are%20window%20coverings,above%20all%3A%20the%20power%20source}
}

@misc{SwitchBot2022,
  author = {SwitchBot},
  year = {2022},
  url = {https://us.switch-bot.com/}
}

@misc{WonderTechLab2022SwitchBot,
   author = {Wonder Tech Lab},
   title = {SwitchBot Blind Tilt, solar-powered retrofit smart blinds},
   year = {2022},
   url = {https://www.kickstarter.com/projects/switchbot/switchbot-blind-tilt-solar-powered-retrofit-smart-blinds?ref=discovery&term=blinds}
}

@misc{MerrittRemoteControlLightSwitch,
   author = {Merritt, Alan},
   title = {Remote Control Light Switch},
   url = {https://www.instructables.com/Remote-Control-Light-Switch-1/}
}

@article{Hayes2022SmartHome,
  author = {Hayes, Adam},
  journal = {Investopedia},
  title = {Smart Home: Definition, How They Work, Pros and Cons},
  year = {2022},
  url = {https://www.investopedia.com/terms/s/smart-home.asp}
}

@article{Woodall2021Popular,
  author = {Woodall, Mindy},
  journal = {Reviews.org},
  title = {The Most Popular Smart Home Devices 2022},
  year = {2021},
  url = {https://www.reviews.org/home-security/most-popular-smart-home-device-statistics/}
}

@misc{Tamayo2022SmartHome,
  author = {Tamayo, Eric},
  howpublished = {video},
  title = {Smart Home Tech I Actually Use | Form and Function},
  year = {2022},
  url = {https://www.youtube.com/watch?v=nZX96p09qtg}
}

@misc{Thomas2020Communicating,
  author = {Tamayo, Eric},
  howpublished = {video},
  title = {Smart Home Tech I Actually Use | Form and Function},
  year = {2022},
  url = {https://www.youtube.com/watch?v=nZX96p09qtg}
}

@book{Fitzgerald2015Arduino,
  editor = {Fitzgerald, S. and Shiloh, M.},
  title = {The Arduino Projects Book},
  year = {2015}
}

@book{Mataric2007TheRoboticsPrimer,
   author = {Mataric, Maja J.},
   title = {The Robotics Primer},
   year = {2007}
}




